% Encoding: UTF-8

@Article{Vakhitov1973,
author="Vakhitov, N. G.
and Kolokolov, A. A.",
title="Stationary solutions of the wave equation in a medium with nonlinearity saturation",
journal="Radiophysics and Quantum Electronics",
year="1973",
month="Jul",
day="01",
volume="16",
number="7",
pages="783--789",
issn="1573-9120",
doi="10.1007/BF01031343",
url="https://doi.org/10.1007/BF01031343"
}

@Article{Lin1990,
  author    = {Xiao-Biao Lin},
  title     = {Using Melnikov{'}s method to solve Silnikov{'}s problems},
  journal   = {Proceedings of the Royal Society of Edinburgh: Section A Mathematics},
  year      = {1990},
  volume    = {116},
  number    = {3-4},
  pages     = {295--325},
  doi       = {10.1017/s0308210500031528},
  publisher = {Cambridge University Press ({CUP})},
}

@article{Lin2008,
  doi = {10.4249/scholarpedia.6972},
  url = {https://doi.org/10.4249/scholarpedia.6972},
  year = {2008},
  publisher = {Scholarpedia},
  volume = {3},
  number = {9},
  pages = {6972},
  author = {Xiao-Biao Lin},
  title = {Lin{'}s method},
  journal = {Scholarpedia}
}

@Article{Sandstede1998,
  author    = {Bj{\"o}rn Sandstede},
  title     = {Stability of multiple-pulse solutions},
  journal   = {Transactions of the American Mathematical Society},
  year      = {1998},
  volume    = {350},
  number    = {02},
  pages     = {429--473},
  month     = {feb},
  doi       = {10.1090/s0002-9947-98-01673-0},
  publisher = {American Mathematical Society ({AMS})},
}

@Article{SandstedeStrut,
  author    = {B. Sandstede},
  title     = {Instability of localized buckling modes in a one-dimensional strut model},
  journal   = {Philosophical Transactions of the Royal Society A: Mathematical, Physical and Engineering Sciences},
  year      = {1997},
  volume    = {355},
  number    = {1732},
  pages     = {2083--2097},
  month     = {nov},
  doi       = {10.1098/rsta.1997.0111},
  publisher = {The Royal Society},
}

@Article{Grillakis1987,
  author    = {Manoussos Grillakis and Jalal Shatah and Walter Strauss},
  title     = {Stability theory of solitary waves in the presence of symmetry, I},
  journal   = {Journal of Functional Analysis},
  year      = {1987},
  volume    = {74},
  number    = {1},
  pages     = {160--197},
  month     = {sep},
  doi       = {10.1016/0022-1236(87)90044-9},
  publisher = {Elsevier {BV}},
}

@Article{Grillakis1990,
  author    = {Manoussos Grillakis and Jalal Shatah and Walter Strauss},
  title     = {Stability theory of solitary waves in the presence of symmetry, {II}},
  journal   = {Journal of Functional Analysis},
  year      = {1990},
  volume    = {94},
  number    = {2},
  pages     = {308--348},
  month     = {dec},
  doi       = {10.1016/0022-1236(90)90016-e},
  publisher = {Elsevier {BV}},
}

@PhdThesis{Sandstede1993,
  author = {Bj√∂rn Sandstede},
  title  = {{Verzweigungstheorie} homokliner {Verdopplungen}},
  school = {University of Stuttgart},
  year   = {1993},
}

@Book{Kapitula2013,
  title     = {Spectral and Dynamical Stability of Nonlinear Waves},
  publisher = {Springer New York},
  year      = {2013},
  author    = {Todd Kapitula, Keith Promislow},
  date      = {2013-06-06},
  ean       = {9781461469957},
  url       = {https://www.ebook.de/de/product/23033927/todd_kapitula_keith_promislow_spectral_and_dynamical_stability_of_nonlinear_waves.html},
}

@Article{Sandstede1997,
  author    = {B Sandstede},
  title     = {Convergence estimates for the numerical approximation of homoclinic solutions},
  journal   = {{IMA} Journal of Numerical Analysis},
  year      = {1997},
  volume    = {17},
  number    = {3},
  pages     = {437--462},
  month     = {jul},
  doi       = {10.1093/imanum/17.3.437},
  publisher = {Oxford University Press ({OUP})},
}

@Book{Jirari1995,
  title     = {Second-Order {Sturm-Liouville} Difference Equations And Orthogonal Polynomials},
  publisher = {American Mathematical Society},
  year      = {1995},
  author    = {Jirari, Alouf},
  isbn      = {082180359X},
  date      = {1995-02-28},
  ean       = {9780821803592},
  url       = {https://www.ebook.de/de/product/35018656/second_order_sturm_liouville_difference_equations_and_orthogonal_polynomials.html},
}


@article{Tam2020,
  title = {Generalized dispersion {Kerr} solitons},
  volume = {101},
  issn = {2469-9926, 2469-9934},
  url = {https://link.aps.org/doi/10.1103/PhysRevA.101.043822},
  doi = {10.1103/PhysRevA.101.043822},
  language = {en},
  number = {4},
  urldate = {2020-05-14},
  journal = {Physical Review A},
  author = {Tam, Kevin K. K. and Alexander, Tristram J. and Blanco-Redondo, Andrea and de Sterke, C. Martijn},
  month = apr,
  year = {2020},
  pages = {043822},
  file = {Tam et al. - 2020 - Generalized dispersion Kerr solitons.pdf:/Users/karenlarson/Zotero/storage/LYI7K3D9/Tam et al. - 2020 - Generalized dispersion Kerr solitons.pdf:application/pdf}
}

@article{Tam2019,
author = {Kevin K. K. Tam and Tristram J. Alexander and Andrea Blanco-Redondo and C. Martijn de Sterke},
journal = {Opt. Lett.},
keywords = {Dispersion; Photonic crystal fibers; Photonic crystal waveguides; Solitons; Spatial frequency; Ti:sapphire lasers},
number = {13},
pages = {3306--3309},
publisher = {OSA},
title = {Stationary and dynamical properties of pure-quartic solitons},
volume = {44},
month = {Jul},
year = {2019},
doi = {10.1364/OL.44.003306},
}

@book{YangCh7,
title = {Nonlinear Waves in Integrable and Nonintegrable Systems},
publisher = {SIAM},
author = {Jianke Yang},
doi = {10.1137/1.9780898719680.ch7},
URL = {https://epubs.siam.org/doi/abs/10.1137/1.9780898719680.ch7},
eprint = {https://epubs.siam.org/doi/pdf/10.1137/1.9780898719680.ch7}
}


